
@book{ILC,
	author    = "David H. Owens", 
	title     = {Iterative Learning Control},
	publisher = {Springer},
	year      = 2016,
}

@misc{SchRC,
	author = "Carsten W. Scherer",
	title = "Lecture Notes Robust Control"
}

@misc{LAAG,
	author = "Carsten W. Scherer",
	title = "Lineare Algebra and Analytische Geometrie"
}

@misc{LKT,
	author = "Carsten W. Scherer",
	title = "Linear Control Theory"
}
